@book{ICBook,
  title={Digital Integrated Circuits, a design perspective, second edition},
  author={Jan M. Rabaey, Anantha Chandrakasan, Borivoje Nikolic},
  year={2002},
  publisher={Prentice Hall}
}