@article{Ref1,
author = {Linda Kuo and Simone Perez-Garcia and Lindsey Burke and Vic Yamasaki and Thomas Le},
title = {Performance, Fantasy, or Narrative: LGBTQ+ Asian American Identity Through Kpop Media and Fandom},
journal = {Journal of Homosexuality},
volume = {69},
number = {1},
pages = {145-168},
year  = {2022},
publisher = {Routledge},
doi = {10.1080/00918369.2020.1815428},
    note ={PMID: 33164716},
URL = {https://doi.org/10.1080/00918369.2020.1815428},
eprint = {https://doi.org/10.1080/00918369.2020.1815428}}


%% 'Ref2' is the one you call out in \citep{Chen2023}
@article{Ref2,
  title={KPop Fandoms drive COVID-19 Public Health Messaging on Social Media},
  author={Chang, Ho-Chun Herbert and Pham, Becky and Ferrara, Emilio},
  journal={arXiv preprint arXiv:2110.04149},
  year={2021}
}






